%% This BibTeX bibliography file was created using BibDesk.
%% http://bibdesk.sourceforge.net/

%% Created for Hiroyuki Okamura at 2017-08-12 08:39:43 +0900 


%% Saved with string encoding Unicode (UTF-8) 



@inproceedings{OkamuraH:PRDC:2008,
	Address = {Los Alamitos},
	Author = {H. Okamura and T. Dohi},
	Booktitle = {Proceedings of 14th Pacific Rim International Symposium on Dependable Computing (PRDC'08)},
	Date-Added = {2017-08-11 23:38:27 +0000},
	Date-Modified = {2017-08-11 23:38:27 +0000},
	Keywords = {SRM, PH},
	Month = {12},
	Pages = {232--239},
	Publisher = {IEEE Computer Society Press},
	Title = {Hyper-{E}rlang software reliability model},
	Year = {2008}}

@article{OkamuraH:AOR:2016,
	Author = {H. Okamura and T. Dohi},
	Date-Added = {2017-08-11 23:37:57 +0000},
	Date-Modified = {2017-08-11 23:37:57 +0000},
	Journal = {Annals of Operations Research},
	Keywords = {SRM, PH},
	Pages = {177--208},
	Title = {Phase-type software reliability model: Parameter estimation algorithms with grouped data},
	Volume = {244},
	Year = {2016}}

@inproceedings{HorvathG:EPEW:2013,
	Author = {G. Horv{\'a}th and H. Okamura},
	Booktitle = {Proceedings of European Performance Engineering Workshop, Lecture Notes in Computer Science (LNCS) 8168},
	Date-Added = {2017-05-16 17:01:56 +0000},
	Date-Modified = {2017-05-16 17:01:56 +0000},
	Keywords = {MMAP, EM},
	Pages = {119--133},
	Title = {A fast {EM} algorithm for fitting marked {M}arkovian arrival processes with a new special structure},
	Year = {2013}}

@inproceedings{OkamuraH:ISSRE:2015,
	Author = {H. Okamura and T. Dohi},
	Booktitle = {Proceedings of the 24th International Symposium on Software Reliability Engineering (ISSRE 2015)},
	Date-Added = {2016-05-18 06:57:02 +0000},
	Date-Modified = {2016-05-18 06:57:02 +0000},
	Pages = {121--129},
	Publisher = {IEEE CPS},
	Title = {Towards comprehensive software reliability evaluation in open source software},
	Year = {2015}}

@article{ZhangX:TSMC:2003,
	Author = {X. Zhang and X. Teng and H. Pham},
	Date-Added = {2016-05-18 06:55:06 +0000},
	Date-Modified = {2016-05-18 06:55:06 +0000},
	Journal = {IEEE Trans. on Systems, Man, and Cybernetics -- Part A: Systems and Humans},
	Keywords = {SRM},
	Number = 1,
	Pages = {114--120},
	Title = {Considering Fault Removal Efficiency in Software Reliability Assessment},
	Volume = 33,
	Year = 2003}

@article{GokhaleSS:TR:2006,
	Author = {S. S. Gokhale and M. R. Lyu and K. S. Trivedi},
	Date-Added = {2016-05-18 06:50:11 +0000},
	Date-Modified = {2016-05-18 06:50:11 +0000},
	Journal = {{IEEE} Transactions on Reliability},
	Pages = {281--292},
	Title = {Incorporating fault debugging activities into software reliability models: A simulation approach},
	Volume = {55},
	Year = {2006}}

@article{GokhaleSS:SQJ:2004,
	Author = {S. S. Gokhale and M. R. Lyu and K. S. Trivedi},
	Date-Added = {2016-05-18 06:43:09 +0000},
	Date-Modified = {2016-05-18 06:43:09 +0000},
	Journal = {Software Quality Journal},
	Keywords = {SRM},
	Number = 3,
	Pages = {211--230},
	Title = {Analysis of Software Fault Removal Policies Using a non-Homogeneous Continuous Time Markov Chain},
	Volume = 12,
	Year = 2004}

@inproceedings{XieM:ISSRE:1992,
	Author = {M. Xie and M. Zhao},
	Booktitle = {Proceedngs of the 3rd International Symposium on Software Reliability Engineering},
	Date-Added = {2016-05-18 06:41:58 +0000},
	Date-Modified = {2016-05-18 06:41:58 +0000},
	Modified = {2006-09-20 00:31:04 -0400},
	Pages = {184--192},
	Publisher = {IEEE Computer Society Press},
	Title = {The Schneidewind Software Reliability Model Revisited},
	Year = 1992}

@inproceedings{SchneidewindNF:ISSRE:2001,
	Author = {N. F. Schneidewind},
	Booktitle = {Proceedings of The 12th International Symposium on Software Reliability Engineering},
	Date-Added = {2016-05-18 06:40:05 +0000},
	Date-Modified = {2016-05-18 06:40:05 +0000},
	Pages = {185--190},
	Publisher = {IEEE Computer Society Press},
	Title = {Modelling the fault correction process},
	Year = {2001}}

@article{SchneidewindNF:ICRS:1975,
	Author = {N. F. Schneidewind},
	Date-Added = {2016-05-18 06:37:31 +0000},
	Date-Modified = {2016-05-18 06:37:31 +0000},
	Journal = {Proceedings of the International Conference on Reliable Software},
	Modified = {2006-09-19 23:29:37 -0400},
	Pages = {337--346},
	Title = {Analysis of Error Processes in Computer Software},
	Volume = 10,
	Year = 1975}

@article{KulkarniVG:OR:1989,
	Author = {V. G. Kulkarni},
	Date-Added = {2016-05-18 06:25:44 +0000},
	Date-Modified = {2016-05-18 06:25:44 +0000},
	Journal = {Operations Research},
	Keywords = {MPH},
	Pages = {151--158},
	Title = {A new class of multivariate phase type distributions},
	Volume = {36},
	Year = {1989},
	Bdsk-File-1 = {YnBsaXN0MDDUAQIDBAUGJCVYJHZlcnNpb25YJG9iamVjdHNZJGFyY2hpdmVyVCR0b3ASAAGGoKgHCBMUFRYaIVUkbnVsbNMJCgsMDxJXTlMua2V5c1pOUy5vYmplY3RzViRjbGFzc6INDoACgAOiEBGABIAFgAdccmVsYXRpdmVQYXRoWWFsaWFzRGF0YV8QQS4uL1dvcmsubG9jYWxpemVkL0JpYmxpb2dyYXBoeS5sb2NhbGl6ZWQvUGFwZXJzL0t1bGthcm5pLzE5ODkucGRm0hcLGBlXTlMuZGF0YU8RAcoAAAAAAcoAAgAADE1hY2ludG9zaCBIRAAAAAAAAAAAAAAAAAAAAMnn/bRIKwAAABU3AggxOTg5LnBkZgAAAAAAAAAAAAAAAAAAAAAAAAAAAAAAAAAAAAAAAAAAAAAAAAAAAAAAAAAAAAAAAAAAAAAAAAAAFTcDxgvTSQAAAAAAAAAAAAEABQAACSAAAAAAAAAAAAAAAAAAAAAIS3Vsa2FybmkAEAAIAADJ538kAAAAEQAIAADGC1S5AAAAAQAYABU3AgAVNs4AFTUVABU1BQAIfGAAAJigAAIAXU1hY2ludG9zaCBIRDpVc2VyczoAb2thbXU6AFdvcmsubG9jYWxpemVkOgBCaWJsaW9ncmFwaHkubG9jYWxpemVkOgBQYXBlcnM6AEt1bGthcm5pOgAxOTg5LnBkZgAADgASAAgAMQA5ADgAOQAuAHAAZABmAA8AGgAMAE0AYQBjAGkAbgB0AG8AcwBoACAASABEABIASlVzZXJzL29rYW11L1dvcmsubG9jYWxpemVkL0JpYmxpb2dyYXBoeS5sb2NhbGl6ZWQvUGFwZXJzL0t1bGthcm5pLzE5ODkucGRmABMAAS8AABUAAgAM//8AAIAG0hscHR5aJGNsYXNzbmFtZVgkY2xhc3Nlc11OU011dGFibGVEYXRhox0fIFZOU0RhdGFYTlNPYmplY3TSGxwiI1xOU0RpY3Rpb25hcnmiIiBfEA9OU0tleWVkQXJjaGl2ZXLRJidUcm9vdIABAAgAEQAaACMALQAyADcAQABGAE0AVQBgAGcAagBsAG4AcQBzAHUAdwCEAI4A0gDXAN8CrQKvArQCvwLIAtYC2gLhAuoC7wL8Av8DEQMUAxkAAAAAAAACAQAAAAAAAAAoAAAAAAAAAAAAAAAAAAADGw==}}

@inproceedings{LiuY:QRS:2015,
	Author = {Y. Liu and M. Xie and J. Yang and M. Zhao},
	Booktitle = {Proceedings of 2015 IEEE International Conference on Software Quality, Reliability and Security (QRS 2015)},
	Date-Added = {2016-05-18 06:23:50 +0000},
	Date-Modified = {2016-05-18 06:23:50 +0000},
	Pages = {65--74},
	Title = {A New Framework and Application of Software Reliability Estimation based on Fault Detection and Correction Processes},
	Year = {2015}}

@article{CumaniA:MR:1982,
	Author = {A. Cumani},
	Date-Added = {2016-05-18 06:16:01 +0000},
	Date-Modified = {2016-05-18 06:16:01 +0000},
	Journal = {Microelectronics and Reliability},
	Keywords = {PH},
	Local-Url = {file://localhost/Users/okamu/Work.localized/Bibliography.localized/2006-07/CumaniA_MR22_1982.pdf},
	Modified = {2006-09-20 22:06:46 -0400},
	Pages = {583--602},
	Title = {On the canonical representation of homogeneous {Markov} Processes modelling failure-time distributions},
	Volume = 22,
	Year = 1982,
	Bdsk-File-1 = {YnBsaXN0MDDUAQIDBAUGJCVYJHZlcnNpb25YJG9iamVjdHNZJGFyY2hpdmVyVCR0b3ASAAGGoKgHCBMUFRYaIVUkbnVsbNMJCgsMDxJXTlMua2V5c1pOUy5vYmplY3RzViRjbGFzc6INDoACgAOiEBGABIAFgAdccmVsYXRpdmVQYXRoWWFsaWFzRGF0YV8QRi4uL1dvcmsubG9jYWxpemVkL0JpYmxpb2dyYXBoeS5sb2NhbGl6ZWQvMjAwNi0wNy9DdW1hbmlBX01SMjJfMTk4Mi5wZGbSFwsYGVdOUy5kYXRhTxEB6gAAAAAB6gACAAAMTWFjaW50b3NoIEhEAAAAAAAAAAAAAAAAAAAAyef9tEgrAAAAFTUaFUN1bWFuaUFfTVIyMl8xOTgyLnBkZgAAAAAAAAAAAAAAAAAAAAAAAAAAAAAAAAAAAAAAAAAAAAAAAAAAAAAAAAAVNRu/2zkBAAAAAAAAAAAAAQAEAAAJIAAAAAAAAAAAAAAAAAAAAAcyMDA2LTA3AAAQAAgAAMnnfyQAAAARAAgAAL/aunEAAAABABQAFTUaABU1FQAVNQUACHxgAACYoAACAGFNYWNpbnRvc2ggSEQ6VXNlcnM6AG9rYW11OgBXb3JrLmxvY2FsaXplZDoAQmlibGlvZ3JhcGh5LmxvY2FsaXplZDoAMjAwNi0wNzoAQ3VtYW5pQV9NUjIyXzE5ODIucGRmAAAOACwAFQBDAHUAbQBhAG4AaQBBAF8ATQBSADIAMgBfADEAOQA4ADIALgBwAGQAZgAPABoADABNAGEAYwBpAG4AdABvAHMAaAAgAEgARAASAE9Vc2Vycy9va2FtdS9Xb3JrLmxvY2FsaXplZC9CaWJsaW9ncmFwaHkubG9jYWxpemVkLzIwMDYtMDcvQ3VtYW5pQV9NUjIyXzE5ODIucGRmAAATAAEvAAAVAAIADP//AACABtIbHB0eWiRjbGFzc25hbWVYJGNsYXNzZXNdTlNNdXRhYmxlRGF0YaMdHyBWTlNEYXRhWE5TT2JqZWN00hscIiNcTlNEaWN0aW9uYXJ5oiIgXxAPTlNLZXllZEFyY2hpdmVy0SYnVHJvb3SAAQAIABEAGgAjAC0AMgA3AEAARgBNAFUAYABnAGoAbABuAHEAcwB1AHcAhACOANcA3ADkAtIC1ALZAuQC7QL7Av8DBgMPAxQDIQMkAzYDOQM+AAAAAAAAAgEAAAAAAAAAKAAAAAAAAAAAAAAAAAAAA0A=}}

@article{ThummlerA:IEEETDSC:2006,
	Author = {A. Th\"ummler and P. Buchholz and M. Telek},
	Date-Added = {2016-05-18 06:13:35 +0000},
	Date-Modified = {2016-05-18 06:13:35 +0000},
	Journal = {IEEE Transactions on Dependable and Secure Computing},
	Keywords = {PH, EM},
	Local-Url = {file://localhost/Users/okamu/Work.localized/Bibliography.localized/2007-01/telek_em.pdf},
	Number = {3},
	Pages = {245--258},
	Title = {A novel approach for phase-type fitting with the {EM} algorithm},
	Volume = {3},
	Year = {2006},
	Bdsk-File-1 = {YnBsaXN0MDDUAQIDBAUGJCVYJHZlcnNpb25YJG9iamVjdHNZJGFyY2hpdmVyVCR0b3ASAAGGoKgHCBMUFRYaIVUkbnVsbNMJCgsMDxJXTlMua2V5c1pOUy5vYmplY3RzViRjbGFzc6INDoACgAOiEBGABIAFgAdccmVsYXRpdmVQYXRoWWFsaWFzRGF0YV8QPS4uL1dvcmsubG9jYWxpemVkL0JpYmxpb2dyYXBoeS5sb2NhbGl6ZWQvMjAwNy0wMS90ZWxla19lbS5wZGbSFwsYGVdOUy5kYXRhTxEBxAAAAAABxAACAAAMTWFjaW50b3NoIEhEAAAAAAAAAAAAAAAAAAAAyef9tEgrAAAAFTWiDHRlbGVrX2VtLnBkZgAAAAAAAAAAAAAAAAAAAAAAAAAAAAAAAAAAAAAAAAAAAAAAAAAAAAAAAAAAAAAAAAAAAAAVNbHBEDecUERGIHBydncAAQAEAAAJIAAAAAAAAAAAAAAAAAAAAAcyMDA3LTAxAAAQAAgAAMnnfyQAAAARAAgAAMEPuQwAAAABABQAFTWiABU1FQAVNQUACHxgAACYoAACAFhNYWNpbnRvc2ggSEQ6VXNlcnM6AG9rYW11OgBXb3JrLmxvY2FsaXplZDoAQmlibGlvZ3JhcGh5LmxvY2FsaXplZDoAMjAwNy0wMToAdGVsZWtfZW0ucGRmAA4AGgAMAHQAZQBsAGUAawBfAGUAbQAuAHAAZABmAA8AGgAMAE0AYQBjAGkAbgB0AG8AcwBoACAASABEABIARlVzZXJzL29rYW11L1dvcmsubG9jYWxpemVkL0JpYmxpb2dyYXBoeS5sb2NhbGl6ZWQvMjAwNy0wMS90ZWxla19lbS5wZGYAEwABLwAAFQACAAz//wAAgAbSGxwdHlokY2xhc3NuYW1lWCRjbGFzc2VzXU5TTXV0YWJsZURhdGGjHR8gVk5TRGF0YVhOU09iamVjdNIbHCIjXE5TRGljdGlvbmFyeaIiIF8QD05TS2V5ZWRBcmNoaXZlctEmJ1Ryb290gAEACAARABoAIwAtADIANwBAAEYATQBVAGAAZwBqAGwAbgBxAHMAdQB3AIQAjgDOANMA2wKjAqUCqgK1Ar4CzALQAtcC4ALlAvIC9QMHAwoDDwAAAAAAAAIBAAAAAAAAACgAAAAAAAAAAAAAAAAAAAMR}}

@article{XieM:QREI:2007,
	Author = {M. Xie and Q. P. Hu and Y. P. Wu and S. H. Ng},
	Date-Added = {2016-05-18 05:53:45 +0000},
	Date-Modified = {2016-05-18 05:53:45 +0000},
	Journal = {Quality and Reliability Engineering International},
	Keywords = {SRM},
	Pages = {459--470},
	Title = {A study of the modeling and analysis of software fault-detection and fault-correction processes},
	Volume = {23},
	Year = {2007},
	Bdsk-File-1 = {YnBsaXN0MDDUAQIDBAUGJCVYJHZlcnNpb25YJG9iamVjdHNZJGFyY2hpdmVyVCR0b3ASAAGGoKgHCBMUFRYaIVUkbnVsbNMJCgsMDxJXTlMua2V5c1pOUy5vYmplY3RzViRjbGFzc6INDoACgAOiEBGABIAFgAdccmVsYXRpdmVQYXRoWWFsaWFzRGF0YW8QNAAuAC4ALwAuAC4ALwAuAC4ALwBHAG8AbwBnAGwAZQAgMMgwmTDpMKQw1TCZAC8ARABvAGMAdQBtAGUAbgB0AHMALwBQAGEAcABlAHIAcwAvAFgAaQBlAC8AMgAwADAANwAuAHAAZABm0hcLGBlXTlMuZGF0YU8RAa4AAAAAAa4AAgAADE1hY2ludG9zaCBIRAAAAAAAAAAAAAAAAAAAANPbewpIKwAAABbcWQgyMDA3LnBkZgAAAAAAAAAAAAAAAAAAAAAAAAAAAAAAAAAAAAAAAAAAAAAAAAAAAAAAAAAAAAAAAAAAAAAAAAAAFt9q0QJ1PwAAAAAAAAAAAAMABQAACSAAAAAAAAAAAAAAAAAAAAADWGllAAAQAAgAANPa/HoAAAARAAgAANEB9q8AAAABABgAFtxZABbb5AAW2+wAFtt2AAaGxAAGMGMAAgBMTWFjaW50b3NoIEhEOlVzZXJzOgBva2FtdToAR29vZ2xlIINog4mDQ4N1OgBEb2N1bWVudHM6AFBhcGVyczoAWGllOgAyMDA3LnBkZgAOABIACAAyADAAMAA3AC4AcABkAGYADwAaAAwATQBhAGMAaQBuAHQAbwBzAGgAIABIAEQAEgBDVXNlcnMvb2thbXUvR29vZ2xlIOODiOOCmeODqeOCpOODleOCmS9Eb2N1bWVudHMvUGFwZXJzL1hpZS8yMDA3LnBkZgAAEwABLwAAFQACAAz//wAAgAbSGxwdHlokY2xhc3NuYW1lWCRjbGFzc2VzXU5TTXV0YWJsZURhdGGjHR8gVk5TRGF0YVhOU09iamVjdNIbHCIjXE5TRGljdGlvbmFyeaIiIF8QD05TS2V5ZWRBcmNoaXZlctEmJ1Ryb290gAEACAARABoAIwAtADIANwBAAEYATQBVAGAAZwBqAGwAbgBxAHMAdQB3AIQAjgD5AP4BBgK4AroCvwLKAtMC4QLlAuwC9QL6AwcDCgMcAx8DJAAAAAAAAAIBAAAAAAAAACgAAAAAAAAAAAAAAAAAAAMm}}

@inproceedings{DohiT:APSEC:2004,
	Author = {T. Dohi and S. Osaki and K. S. Trivedi},
	Booktitle = {Proc. {11th} Asia-Pacific Software Eng. Conf. ({ASPEC-2004})},
	Date-Added = {2016-05-18 05:52:34 +0000},
	Date-Modified = {2016-05-18 05:52:34 +0000},
	Keywords = {SRM},
	Modified = {2006-09-19 21:55:43 -0400},
	Pages = {110--119},
	Publisher = {IEEE CS Press},
	Title = {An Infinite Server Queueing Approach for Describing Software Reliability Growth --- Unified Modeling and Estimation Framework},
	Year = 2004}

@inproceedings{ShibataK:PRDC:2007,
	Address = {Los Alamitos},
	Author = {K. Shibata and K. Rinsaka and T. Dohi and H. Okamura},
	Booktitle = {Proceedings of 13th Pacific Rim International Symposium on Dependable Computing (PRDC'07)},
	Date-Added = {2016-05-18 05:51:47 +0000},
	Date-Modified = {2016-05-18 05:51:47 +0000},
	Keywords = {SRM},
	Month = {12},
	Pages = {35-42},
	Publisher = {IEEE Computer Society Press},
	Title = {Quantifying software maintainability based on a fault-detection/correction model},
	Year = {2007}}

@inproceedings{OkamuraH:PRDC:2011,
	Address = {Los Alamitos},
	Author = {H. Okamura and T. Dohi},
	Booktitle = {Proceedings of 17th IEEE Pacific Rim International Symposium on Dependable Computing (PRDC-2011)},
	Date-Added = {2016-05-18 05:47:31 +0000},
	Date-Modified = {2016-05-18 05:47:31 +0000},
	Keywords = {SRM},
	Month = {12},
	Pages = {20--27},
	Publisher = {IEEE CS Press},
	Title = {Unification of software reliability models using {M}arkovian arrival processes},
	Year = {2011}}

@article{AssafD:AOP:1982,
	Author = {D. Assaf and B. Levikson},
	Date-Added = {2016-05-18 05:45:48 +0000},
	Date-Modified = {2016-05-18 05:45:48 +0000},
	Journal = {Annals of Probability},
	Keywords = {PH, reliability},
	Pages = {265--269},
	Title = {Closure of phase type distributions under operations arising in reliability theory},
	Volume = {10},
	Year = {1982}}

@article{AssafD:OR:1984,
	Author = {D. Assaf and N. A. Langberg and T. H. Savits and M. Shaked},
	Date-Added = {2016-05-18 05:45:48 +0000},
	Date-Modified = {2016-05-18 05:45:48 +0000},
	Journal = {Operations Research},
	Keywords = {PH, MPH},
	Pages = {688--701},
	Title = {Multivariate Phase-type distributions},
	Volume = {32},
	Year = {1984}}

@article{AsmussenS:JAP:1993,
	Annote = {This paper gives the proof that MAP is dense},
	Author = {Asmussen, S. and G. Koole},
	Date-Added = {2016-05-18 05:45:32 +0000},
	Date-Modified = {2016-05-18 05:45:32 +0000},
	Journal = {Journal of Applied Probability},
	Keywords = {MAP},
	Pages = {365--372},
	Title = {Marked point processes as limits of {M}arkovian arrival streams},
	Volume = 30,
	Year = 1993}

@inproceedings{FujiiT:ICSE:2011,
	Address = {New York},
	Author = {T. Fujii and T. Dohi and T. Fujiwara},
	Booktitle = {Proceedings of the 33rd International Conference on Software Engineering (ICSE 2011)},
	Date-Added = {2014-12-08 11:17:10 +0000},
	Date-Modified = {2014-12-08 11:17:10 +0000},
	Keywords = {SRM, metrics},
	Pages = {41--50},
	Publisher = {ACM},
	Title = {Towards quantiative software reliability assessment in incremental development processes},
	Year = {2011},
	Bdsk-File-1 = {YnBsaXN0MDDUAQIDBAUGJCVYJHZlcnNpb25YJG9iamVjdHNZJGFyY2hpdmVyVCR0b3ASAAGGoKgHCBMUFRYaIVUkbnVsbNMJCgsMDxJXTlMua2V5c1pOUy5vYmplY3RzViRjbGFzc6INDoACgAOiEBGABIAFgAdccmVsYXRpdmVQYXRoWWFsaWFzRGF0YW8QNwAuAC4ALwAuAC4ALwAuAC4ALwBHAG8AbwBnAGwAZQAgMMgwmTDpMKQw1TCZAC8ARABvAGMAdQBtAGUAbgB0AHMALwBiAGkAYgBwAGQAZgBzAC8ARgB1AGoAaQBpAC8AMgAwADEAMQAuAHAAZABm0hcLGBlXTlMuZGF0YU8RAbYAAAAAAbYAAgAADE1hY2ludG9zaCBIRAAAAAAAAAAAAAAAAAAAANPbewpIKwAAABbc0QgyMDExLnBkZgAAAAAAAAAAAAAAAAAAAAAAAAAAAAAAAAAAAAAAAAAAAAAAAAAAAAAAAAAAAAAAAAAAAAAAAAAAF2A6zaXHwwAAAAAAAAAAAAMABQAACSAAAAAAAAAAAAAAAAAAAAAFRnVqaWkAABAACAAA09r8egAAABEACAAAzaVJMwAAAAEAGAAW3NEAFtvlABbb7AAW23YABobEAAYwYwACAE9NYWNpbnRvc2ggSEQ6VXNlcnM6AG9rYW11OgBHb29nbGUgg2iDiYNDg3U6AERvY3VtZW50czoAYmlicGRmczoARnVqaWk6ADIwMTEucGRmAAAOABIACAAyADAAMQAxAC4AcABkAGYADwAaAAwATQBhAGMAaQBuAHQAbwBzAGgAIABIAEQAEgBGVXNlcnMvb2thbXUvR29vZ2xlIOODiOOCmeODqeOCpOODleOCmS9Eb2N1bWVudHMvYmlicGRmcy9GdWppaS8yMDExLnBkZgATAAEvAAAVAAIADP//AACABtIbHB0eWiRjbGFzc25hbWVYJGNsYXNzZXNdTlNNdXRhYmxlRGF0YaMdHyBWTlNEYXRhWE5TT2JqZWN00hscIiNcTlNEaWN0aW9uYXJ5oiIgXxAPTlNLZXllZEFyY2hpdmVy0SYnVHJvb3SAAQAIABEAGgAjAC0AMgA3AEAARgBNAFUAYABnAGoAbABuAHEAcwB1AHcAhACOAP8BBAEMAsYCyALNAtgC4QLvAvMC+gMDAwgDFQMYAyoDLQMyAAAAAAAAAgEAAAAAAAAAKAAAAAAAAAAAAAAAAAAAAzQ=}}

@inproceedings{OkamuraH:ISSRE:2013,
	Author = {H. Okamura and T. Dohi},
	Booktitle = {Proceedings of the 24th International Symposium on Software Reliability Engineering (ISSRE 2013)},
	Date-Added = {2014-12-08 11:01:31 +0000},
	Date-Modified = {2014-12-08 11:01:31 +0000},
	Keywords = {SRM},
	Pages = {100--117},
	Publisher = {IEEE CPS},
	Title = {{SRATS}: Software reliability assessment tool on spreadsheet (Experience report)},
	Year = {2013}}

@inproceedings{OkamuraH:HASE:2014,
	Author = {H. Okamura and T. Dohi},
	Booktitle = {Proceedings of The 15th IEEE International Symposium on High Assurance Systems Engineering (HASE 2014)},
	Date-Added = {2014-03-17 06:05:01 +0000},
	Date-Modified = {2014-03-17 06:05:01 +0000},
	Keywords = {SRM,metrics},
	Pages = {97--104},
	Publisher = {IEEE CPS},
	Title = {A novel framework of software reliability evaluation with software reliability growth models and software metrics},
	Year = {2014}}

@inproceedings{KuwaD:COMPSAC:2013,
	Author = {D. Kuwa and T. Dohi},
	Booktitle = {Proceedings of The 37th Annual International Computer Software and Applications Conference (COMPSAC 2013)},
	Date-Added = {2014-03-17 05:36:34 +0000},
	Date-Modified = {2014-03-17 05:36:34 +0000},
	Keywords = {SRM, metrics},
	Pages = {246--255},
	Publisher = {IEEE CPS},
	Title = {Generalized logit-based software reliability modeling with metrics data},
	Year = {2013}}

@inproceedings{KuwaD:PRDC:2013,
	Author = {D. Kuwa and T. Dohi},
	Booktitle = {Proceedings of The 19th IEEE Pacific Rim International Symposium on Dependable Computing (PRDC 2013)},
	Date-Added = {2014-03-17 05:36:34 +0000},
	Date-Modified = {2014-03-17 05:36:34 +0000},
	Pages = {328--337},
	Publisher = {IEEE CPS},
	Title = {Generalized {C}ox proportional hazards regression-based software reliability modeling with metrics data},
	Year = {2013}}

@book{TikhonovAN:bk:1998,
	Author = {A. N. Tikhonov and A. S. Leonov and A. G. Yagola},
	Date-Added = {2014-03-17 05:03:50 +0000},
	Date-Modified = {2014-03-17 05:03:50 +0000},
	Publisher = {Chapman and Hall},
	Title = {Nonlinear Ill-Posed Problems},
	Year = {1998}}

@article{YamadaS:IEEETR:1985,
	Author = {S. Yamada and S. Osaki},
	Date-Added = {2014-03-17 04:58:00 +0000},
	Date-Modified = {2014-03-17 04:58:00 +0000},
	Journal = {IEEE Transactions on Reliability},
	Keywords = {SRM, release},
	Pages = {422--424},
	Title = {Cost-reliability optimal release policies for software systems},
	Volume = {R-34},
	Year = {1985}}

@article{OkamuraH:RESS:2013,
	Author = {H. Okamura and T. Dohi and S. Osaki},
	Date-Added = {2013-08-01 15:28:28 +0000},
	Date-Modified = {2013-08-01 15:28:28 +0000},
	Journal = {Reliability Engineering and System Safety},
	Keywords = {SRM},
	Pages = {135--141},
	Title = {Software reliability growth models with normal failure time distributions},
	Volume = {116},
	Year = {2013}}

@inproceedings{OkamuraH:MENSURA:2011,
	Address = {Los Alamitos},
	Author = {H. Okamura and Y. Etani and T. Dohi},
	Booktitle = {Proceedings of 2011 Joint Conference of the 21st International Workshop on Software Measurement and the 6th International Conference on Software Process and Product Measurement (IWSM/MENSURA-2011)},
	Date-Added = {2013-05-16 08:56:22 +0000},
	Date-Modified = {2013-05-16 08:56:22 +0000},
	Keywords = {SRM, Testing},
	Month = {11},
	Pages = {62--68},
	Publisher = {IEEE CS Press},
	Title = {Quantifying the effectiveness of testing efforts on software fault detection with a logit software reliability growth model},
	Year = {2011}}

@inproceedings{OkamuraH:ISSRE:2010,
	Address = {Los Alamitos},
	Author = {H. Okamura and Y. Etani and T. Dohi},
	Booktitle = {Proceedings of 21st International Symposium on Software Reliability Engineering (ISSRE2010)},
	Date-Added = {2013-05-16 08:56:22 +0000},
	Date-Modified = {2013-05-16 08:56:22 +0000},
	Keywords = {SRM, EM},
	Month = {11},
	Pages = {31--40},
	Publisher = {IEEE Computer Society Press},
	Title = {A multi-factor software reliability model based on logistic regression},
	Year = {2010}}

@inproceedings{PighinM:ICSE:1997,
	Author = {M. Pighin and R. Zamolo},
	Booktitle = {Proceedings of 19th International Conference on Software Engineering},
	Date-Added = {2013-05-16 08:36:13 +0000},
	Date-Modified = {2013-05-16 08:36:13 +0000},
	Keywords = {fault prone},
	Pages = {262--270},
	Title = {A predictive metric based on discriminant statistical analysis},
	Year = {1997}}

@article{MunsonJC:TSE:1992,
	Author = {J. C. Munson and T. M. Khoshgoftaar},
	Date-Added = {2013-05-16 08:31:33 +0000},
	Date-Modified = {2013-05-16 08:31:33 +0000},
	Journal = {IEEE Transactions on Software Engineering},
	Keywords = {fault prone},
	Number = {5},
	Pages = {423--433},
	Title = {The detection of fault-prone programs},
	Volume = {18},
	Year = {1992}}

@article{MillerDR:IEEETSE:1986,
	Author = {D. R. Miller},
	Date-Added = {2013-05-16 08:26:51 +0000},
	Date-Modified = {2013-05-16 08:26:51 +0000},
	Journal = {IEEE Transactions on Software Engineering},
	Keywords = {SRM},
	Pages = {12--24},
	Title = {Exponential Order Statistic Models of Software Reliability Growth},
	Volume = {SE-12},
	Year = 1986}

@article{KhoshgoftaarTM:JSAC:1990,
	Author = {T. M. Khoshgoftaar and J. C. Munson},
	Date-Added = {2010-05-13 16:21:07 +0900},
	Date-Modified = {2010-05-13 16:21:07 +0900},
	Journal = {IEEE Journal on Selected Areas in Communications},
	Keywords = {metrics},
	Number = {2},
	Pages = {253--261},
	Title = {Predicting software development errors using software complexity metrics},
	Volume = {8},
	Year = {1990}}

@article{KhoshgoftaarTM:TSE:1992,
	Author = {T. M. Khoshgoftaar and J. C. Munson and B. B. Bhattacharyya and G. D. Richardson},
	Date-Added = {2010-05-13 16:19:33 +0900},
	Date-Modified = {2010-05-13 16:19:33 +0900},
	Journal = {IEEE Transactions on Software Engineering},
	Keywords = {metrics},
	Number = {11},
	Pages = {979--987},
	Title = {Predictive modeling techniques of software quality from software measures},
	Volume = {18},
	Year = {1992}}

@article{KhoshgoftaarTM:TR:1992,
	Author = {T. M. Khoshgoftaar and B. B. Bhattacharyya and G. D. Richardson},
	Date-Added = {2010-05-13 16:17:35 +0900},
	Date-Modified = {2010-05-13 16:17:35 +0900},
	Journal = {IEEE Transactions on Reliability},
	Keywords = {metrics},
	Number = {3},
	Pages = {390--395},
	Title = {Predicting software errors, during development, using nonlinear regression models: a comparative study},
	Volume = {41},
	Year = {1992}}

@inproceedings{HuangCY:COMPSAC:2000,
	Author = {C. Y. Huang and S. Y. Kuo and M. R. Lyu},
	Booktitle = {Proceedings of 24th Annual International Computer Software and Application Conference (COMPSAC 2000)},
	Date-Added = {2010-05-11 18:25:33 +0900},
	Date-Modified = {2010-05-11 18:25:33 +0900},
	Pages = {454},
	Title = {Effort-index-based software reliability growth models and performance assessment},
	Year = {2000}}

@article{BoxGEP:RSSB:1964,
	Author = {G. E. P. Box and D. R. Cox},
	Date-Added = {2010-05-11 18:12:29 +0900},
	Date-Modified = {2010-05-11 18:12:29 +0900},
	Journal = {Journal of the Royal Statistical Society, Series B},
	Keywords = {regression},
	Pages = {211--234},
	Title = {An analysis of transformations},
	Volume = {26},
	Year = {1964}}

@article{CoxDR:RSSB:1972,
	Author = {D. R. Cox},
	Date-Added = {2010-05-11 18:12:22 +0900},
	Date-Modified = {2010-05-11 18:12:22 +0900},
	Journal = {Journal of the Royal Statistical Society, Series B},
	Keywords = {regression},
	Number = {2},
	Pages = {187--220},
	Title = {Regression models and life-tables},
	Volume = {34},
	Year = {1972}}

@article{DohiT:MCM:2003,
	Author = {T. Dohi and K. Yasui and S. Osaki},
	Date-Added = {2010-05-11 18:09:21 +0900},
	Date-Modified = {2010-05-11 18:09:21 +0900},
	Journal = {Mathematical and Computer Modelling},
	Keywords = {SRM},
	Number = {11/13},
	Pages = {1119--1468},
	Title = {Software reliability assessment models based on cumulative {B}ernoulli trial processes},
	Volume = {38},
	Year = {2003}}

@article{ZhangX:JSS:2001,
	Author = {X. Zhang and M. Y. Shin and H. Pham},
	Date-Added = {2010-05-11 18:06:16 +0900},
	Date-Modified = {2010-05-11 18:06:16 +0900},
	Journal = {Journal of Systems and Software},
	Keywords = {metrics},
	Pages = {73--78},
	Title = {Exploratory analysis of environmental factors for enhancing the software reliability assessment},
	Volume = {57},
	Year = {2001}}

@article{EvancoWM:JSS:1994,
	Author = {W. M. Evanco and R. Locovara},
	Date-Added = {2010-05-11 18:04:08 +0900},
	Date-Modified = {2010-05-11 18:04:08 +0900},
	Journal = {Journal of Systems and Software},
	Keywords = {regression},
	Pages = {77--86},
	Title = {A model-based framework for the integration of software metrics},
	Volume = {26},
	Year = {1994}}

@article{EvamcoWM:JSS:1997,
	Author = {W. M. Evanco},
	Date-Added = {2010-05-11 18:02:33 +0900},
	Date-Modified = {2010-05-11 18:02:33 +0900},
	Journal = {Journal of Systems and Software},
	Keywords = {regression},
	Pages = {27--35},
	Title = {{P}oisson analyses of defects for small software components},
	Volume = {38},
	Year = {1997}}

@inproceedings{KhoshgoftaarTM:ISSRE:2001,
	Author = {T. M. Khoshgoftaar and K. Gao and R. M. Szabo},
	Booktitle = {Proceedings of 12th International Symposium on Software Reliability Engineering},
	Date-Added = {2010-05-11 18:00:02 +0900},
	Date-Modified = {2010-05-11 18:00:02 +0900},
	Keywords = {fault prone, module},
	Pages = {66--73},
	Publisher = {IEEE CS Press},
	Title = {An Application of Zero-Inflated {P}oisson Regression for Software Fault Prediction},
	Year = {2001},
	Bdsk-File-1 = {YnBsaXN0MDDUAQIDBAUGJCVYJHZlcnNpb25YJG9iamVjdHNZJGFyY2hpdmVyVCR0b3ASAAGGoKgHCBMUFRYaIVUkbnVsbNMJCgsMDxJXTlMua2V5c1pOUy5vYmplY3RzViRjbGFzc6INDoACgAOiEBGABIAFgAdccmVsYXRpdmVQYXRoWWFsaWFzRGF0YV8QPC4uLy4uLy4uL0JpYmxpb2dyYXBoeS5sb2NhbGl6ZWQvUGFwZXJzL0tob3NoZ29mdGFhci8yMDAxLnBkZtIXCxgZV05TLmRhdGFPEQHQAAAAAAHQAAIAAAxNYWNpbnRvc2ggSEQAAAAAAAAAAAAAAAAAAADGxiWRSCsAAABB5a0IMjAwMS5wZGYAAAAAAAAAAAAAAAAAAAAAAAAAAAAAAAAAAAAAAAAAAAAAAAAAAAAAAAAAAAAAAAAAAAAAAAAAAD8o5McPNugAAAAAAAAAAAADAAQAAAkgAAAAAAAAAAAAAAAAAAAADEtob3NoZ29mdGFhcgAQAAgAAMbFpwEAAAARAAgAAMcOuFgAAAABABgAQeWtAEHlIwAOIOQADiDeAAwUhwAAhg4AAgBbTWFjaW50b3NoIEhEOlVzZXJzOm9rYW11OldvcmsubG9jYWxpemVkOkJpYmxpb2dyYXBoeS5sb2NhbGl6ZWQ6UGFwZXJzOktob3NoZ29mdGFhcjoyMDAxLnBkZgAADgASAAgAMgAwADAAMQAuAHAAZABmAA8AGgAMAE0AYQBjAGkAbgB0AG8AcwBoACAASABEABIATlVzZXJzL29rYW11L1dvcmsubG9jYWxpemVkL0JpYmxpb2dyYXBoeS5sb2NhbGl6ZWQvUGFwZXJzL0tob3NoZ29mdGFhci8yMDAxLnBkZgATAAEvAAAVAAIADP//AACABtIbHB0eWiRjbGFzc25hbWVYJGNsYXNzZXNdTlNNdXRhYmxlRGF0YaMdHyBWTlNEYXRhWE5TT2JqZWN00hscIiNcTlNEaWN0aW9uYXJ5oiIgXxAPTlNLZXllZEFyY2hpdmVy0SYnVHJvb3SAAQAIABEAGgAjAC0AMgA3AEAARgBNAFUAYABnAGoAbABuAHEAcwB1AHcAhACOAM0A0gDaAq4CsAK1AsACyQLXAtsC4gLrAvAC/QMAAxIDFQMaAAAAAAAAAgEAAAAAAAAAKAAAAAAAAAAAAAAAAAAAAxw=}}

@inproceedings{GokhaleSS:ISSAT:1997,
	Author = {S. S. Gokhale and M. R. Lyu},
	Booktitle = {Proceedings of 3rd International Conference on Reliability and Quality in Design},
	Date-Added = {2010-05-11 17:59:53 +0900},
	Date-Modified = {2010-05-11 17:59:53 +0900},
	Editor = {H. Pham},
	Keywords = {regression, SRM},
	Pages = {31--36},
	Title = {Regression tree modeling for the prediction of software quality},
	Year = {1997}}

@article{OhishiK:JSS:2009,
	Author = {K. Ohishi and H. Okamura and T. Dohi},
	Date-Added = {2010-05-11 17:51:25 +0900},
	Date-Modified = {2010-05-11 17:51:25 +0900},
	Journal = {Journal of Systems and Software},
	Month = {3},
	Number = {3},
	Pages = {535--543},
	Title = {Gompertz software reliability model: estimation algorithm and empirical validation},
	Volume = {82},
	Year = {2009}}

@book{MusaJD:book:1987,
	Address = {New York},
	Author = {J. D. Musa and A. Iannino and K. Okumoto},
	Date-Added = {2010-05-11 17:45:22 +0900},
	Date-Modified = {2010-05-11 17:45:22 +0900},
	Modified = {2006-09-19 23:11:21 -0400},
	Publisher = {McGraw-Hill},
	Title = {Software Reliability, Measurement, Prediction, Application},
	Year = 1987}

@article{WuCFJ:AS:1983,
	Author = {C. F. J. Wu},
	Date-Added = {2010-05-11 17:38:34 +0900},
	Date-Modified = {2010-05-11 17:38:34 +0900},
	Journal = {Ann. Stat.},
	Keywords = {EM},
	Local-Url = {file://localhost/Users/okamu/Work.localized/Bibliography.localized/2007-01/wu.pdf},
	Modified = {2006-09-22 17:09:26 -0400},
	Pages = {95--103},
	Title = {On the convergence properties of the {EM} algorithm},
	Volume = 11,
	Year = 1983,
	Bdsk-File-1 = {YnBsaXN0MDDUAQIDBAUGJCVYJHZlcnNpb25YJG9iamVjdHNZJGFyY2hpdmVyVCR0b3ASAAGGoKgHCBMUFRYaIVUkbnVsbNMJCgsMDxJXTlMua2V5c1pOUy5vYmplY3RzViRjbGFzc6INDoACgAOiEBGABIAFgAdccmVsYXRpdmVQYXRoWWFsaWFzRGF0YV8QLi4uLy4uLy4uL0JpYmxpb2dyYXBoeS5sb2NhbGl6ZWQvMjAwNy0wMS93dS5wZGbSFwsYGVdOUy5kYXRhTxEBqAAAAAABqAACAAAMTWFjaW50b3NoIEhEAAAAAAAAAAAAAAAAAAAAxsYlkUgrAAAADiFxBnd1LnBkZgAAAAAAAAAAAAAAAAAAAAAAAAAAAAAAAAAAAAAAAAAAAAAAAAAAAAAAAAAAAAAAAAAAAAAAAAAAAAAOIYLBzeCbAAAAAAAAAAAAAwADAAAJIAAAAAAAAAAAAAAAAAAAAAcyMDA3LTAxAAAQAAgAAMbFpwEAAAARAAgAAMHNYgsAAAABABQADiFxAA4g5AAOIN4ADBSHAACGDgACAE1NYWNpbnRvc2ggSEQ6VXNlcnM6b2thbXU6V29yay5sb2NhbGl6ZWQ6QmlibGlvZ3JhcGh5LmxvY2FsaXplZDoyMDA3LTAxOnd1LnBkZgAADgAOAAYAdwB1AC4AcABkAGYADwAaAAwATQBhAGMAaQBuAHQAbwBzAGgAIABIAEQAEgBAVXNlcnMvb2thbXUvV29yay5sb2NhbGl6ZWQvQmlibGlvZ3JhcGh5LmxvY2FsaXplZC8yMDA3LTAxL3d1LnBkZgATAAEvAAAVAAIADP//AACABtIbHB0eWiRjbGFzc25hbWVYJGNsYXNzZXNdTlNNdXRhYmxlRGF0YaMdHyBWTlNEYXRhWE5TT2JqZWN00hscIiNcTlNEaWN0aW9uYXJ5oiIgXxAPTlNLZXllZEFyY2hpdmVy0SYnVHJvb3SAAQAIABEAGgAjAC0AMgA3AEAARgBNAFUAYABnAGoAbABuAHEAcwB1AHcAhACOAL8AxADMAngCegJ/AooCkwKhAqUCrAK1AroCxwLKAtwC3wLkAAAAAAAAAgEAAAAAAAAAKAAAAAAAAAAAAAAAAAAAAuY=}}

@article{SchwarzG:AS:1978,
	Author = {Schwarz, G.},
	Date-Added = {2010-05-11 17:38:20 +0900},
	Date-Modified = {2010-05-11 17:38:20 +0900},
	Journal = {Ann. Stat.},
	Keywords = {BIC},
	Modified = {2006-09-22 17:09:02 -0400},
	Pages = {461--464},
	Title = {Estimating the Dimension of a Model},
	Volume = 6,
	Year = 1978}

@inproceedings{OkamuraH:ISSRE:2006,
	Author = {H. Okamura and T. Dohi},
	Booktitle = {Proc. 17th Int. Symp. Software Rel. Eng.},
	Date-Added = {2010-05-11 17:37:44 +0900},
	Date-Modified = {2010-05-11 17:37:44 +0900},
	Keywords = {ISSRE, SRM},
	Modified = {2006-09-20 22:05:40 -0400},
	Pages = {289--298},
	Title = {Building Phase-Type Software Reliability Model},
	Year = 2006}

@inproceedings{OkamuraH:ISSRE:2003,
	Author = {H. Okamura and Y. Watanabe and T. Dohi},
	Booktitle = {Proc. 14th Int. Symp. Software Rel. Eng.},
	Date-Added = {2010-05-11 17:37:37 +0900},
	Date-Modified = {2010-05-11 17:37:37 +0900},
	Keywords = {ISSRE},
	Modified = {2006-09-20 22:05:40 -0400},
	Pages = {246--256},
	Title = {An iterative scheme for maximum likelihood estimation in software reliability modeling},
	Year = 2003}

@inproceedings{OkamuraH:HASE:2004,
	Author = {Okamura, H. and Murayama, A. and Dohi, T.},
	Booktitle = {Proc. 8th IEEE Int. Symp. High Assurance Systems Eng.},
	Date-Added = {2010-05-11 17:37:15 +0900},
	Date-Modified = {2010-05-11 17:37:15 +0900},
	Modified = {2006-09-20 00:09:43 -0400},
	Pages = {219--228},
	Title = {{EM} Algorithm for Discrete Software Reliability Models: a Unified Parameter Estimation Method},
	Year = 2004}

@inproceedings{IshiiT:COMPSAC:2007,
	Author = {T. Ishii and H. Okamura and T. Dohi},
	Booktitle = {Proc. 31st Annu. Int. Comp. Software and Applicat. Conf.},
	Date-Added = {2010-05-11 17:36:15 +0900},
	Date-Modified = {2010-05-11 17:36:15 +0900},
	Keywords = {SRM},
	Pages = {535--538},
	Title = {Bivariate software fault-detection models},
	Year = {2007}}

@inproceedings{GokhaleSS:ISSRE:1996,
	Author = {S. S. Gokhale and T. Philip and P. N. Marinos and K. S. Trivedi},
	Booktitle = {Proc. {7th} Int. Symp. Software Rel. Eng.},
	Date-Added = {2010-05-11 17:35:54 +0900},
	Date-Modified = {2010-05-11 17:35:54 +0900},
	Keywords = {NHPP, ISSRE},
	Pages = {299--307},
	Title = {Unification of Finite Failure non-Homogeneous {P}oisson Process Models Through Test Coverage},
	Year = 1996}

@article{DempsterAP:JRSSB:1977,
	Author = {A. P. Dempster and N. M. Laird and D. B. Rubin},
	Date-Added = {2010-05-11 17:35:17 +0900},
	Date-Modified = {2010-05-11 17:35:17 +0900},
	Journal = {J. Roy. Stat. Soc. B},
	Keywords = {EM},
	Modified = {2006-09-22 17:09:18 -0400},
	Pages = {1--38},
	Title = {Maximum likelihood from incomplete data via the {EM} algorithm},
	Volume = {B-39},
	Year = 1977}

@inproceedings{AkaikeH:ISIT:1973,
	Author = {H. Akaike},
	Booktitle = {Proc. 2nd Int. Symp. Inform. Theory},
	Date-Added = {2010-05-11 17:34:35 +0900},
	Date-Modified = {2010-05-11 17:34:35 +0900},
	Editor = {B. N. Petrov and F. Csaki},
	Keywords = {AIC, statistics},
	Modified = {2006-09-22 17:07:51 -0400},
	Pages = {267--281},
	Title = {Information theory and an extension of the maximum likelihood principle},
	Year = 1973}

@incollection{AchcarJA:bk:1998,
	Address = {Singapore},
	Author = {J. A. Achcar and D. K. Dey and M. Niverthi},
	Booktitle = {Frontiers in Reliability},
	Date-Added = {2010-05-11 17:34:28 +0900},
	Date-Modified = {2010-05-11 17:34:28 +0900},
	Editor = {A. P. Basu and K. S. Basu and S. Mukhopadhyay},
	Keywords = {SRM, Bayes},
	Modified = {2006-09-19 23:04:21 -0400},
	Pages = {1--18},
	Publisher = {World Scientific},
	Title = {A {B}ayesian Approach Using Nonhomogeneous {P}oisson Processes for Software Reliability Models},
	Year = 1998}

@inproceedings{ShibataK:ISSRE:2006,
	Author = {K. Shibata and K. Rinsaka and T. Dohi},
	Booktitle = {Proceedings of 17th International Symposium on Software Reliability Engineering},
	Date-Added = {2010-05-11 17:33:07 +0900},
	Date-Modified = {2010-05-11 17:33:07 +0900},
	Keywords = {SRM},
	Pages = {52--61},
	Publisher = {IEEE CS Press},
	Title = {Metrics-based software reliability models using non-homogeneous {P}oisson processes},
	Year = {2006},
	Bdsk-File-1 = {YnBsaXN0MDDUAQIDBAUGJCVYJHZlcnNpb25YJG9iamVjdHNZJGFyY2hpdmVyVCR0b3ASAAGGoKgHCBMUFRYaIVUkbnVsbNMJCgsMDxJXTlMua2V5c1pOUy5vYmplY3RzViRjbGFzc6INDoACgAOiEBGABIAFgAdccmVsYXRpdmVQYXRoWWFsaWFzRGF0YV8QNy4uLy4uLy4uL0JpYmxpb2dyYXBoeS5sb2NhbGl6ZWQvUGFwZXJzL1NoaWJhdGEvMjAwNi5wZGbSFwsYGVdOUy5kYXRhTxEBwgAAAAABwgACAAAMTWFjaW50b3NoIEhEAAAAAAAAAAAAAAAAAAAAxsYlkUgrAAAARODLCDIwMDYucGRmAAAAAAAAAAAAAAAAAAAAAAAAAAAAAAAAAAAAAAAAAAAAAAAAAAAAAAAAAAAAAAAAAAAAAAAAAABEjSnHMfnGAAAAAAAAAAAAAwAEAAAJIAAAAAAAAAAAAAAAAAAAAAdTaGliYXRhAAAQAAgAAMbFpwEAAAARAAgAAMcxezYAAAABABgARODLAEHlIwAOIOQADiDeAAwUhwAAhg4AAgBWTWFjaW50b3NoIEhEOlVzZXJzOm9rYW11OldvcmsubG9jYWxpemVkOkJpYmxpb2dyYXBoeS5sb2NhbGl6ZWQ6UGFwZXJzOlNoaWJhdGE6MjAwNi5wZGYADgASAAgAMgAwADAANgAuAHAAZABmAA8AGgAMAE0AYQBjAGkAbgB0AG8AcwBoACAASABEABIASVVzZXJzL29rYW11L1dvcmsubG9jYWxpemVkL0JpYmxpb2dyYXBoeS5sb2NhbGl6ZWQvUGFwZXJzL1NoaWJhdGEvMjAwNi5wZGYAABMAAS8AABUAAgAM//8AAIAG0hscHR5aJGNsYXNzbmFtZVgkY2xhc3Nlc11OU011dGFibGVEYXRhox0fIFZOU0RhdGFYTlNPYmplY3TSGxwiI1xOU0RpY3Rpb25hcnmiIiBfEA9OU0tleWVkQXJjaGl2ZXLRJidUcm9vdIABAAgAEQAaACMALQAyADcAQABGAE0AVQBgAGcAagBsAG4AcQBzAHUAdwCEAI4AyADNANUCmwKdAqICrQK2AsQCyALPAtgC3QLqAu0C/wMCAwcAAAAAAAACAQAAAAAAAAAoAAAAAAAAAAAAAAAAAAADCQ==}}

@inproceedings{GokhaleSS:HASES:1998,
	Author = {S. S. Gokhale and K. S. Trivedi},
	Booktitle = {Proc. {3rd} {IEEE} Int'$l$. High-Assurance Systems Eng. Symp. ({HASE-1998})},
	Date-Added = {2010-05-11 17:32:04 +0900},
	Date-Modified = {2010-05-11 17:32:04 +0900},
	Keywords = {SRM},
	Pages = {34--41},
	Publisher = {IEEE CS Press},
	Title = {Log-Logistic Software Reliability Growth Model},
	Year = 1998,
	Bdsk-File-1 = {YnBsaXN0MDDUAQIDBAUGJCVYJHZlcnNpb25YJG9iamVjdHNZJGFyY2hpdmVyVCR0b3ASAAGGoKgHCBMUFRYaIVUkbnVsbNMJCgsMDxJXTlMua2V5c1pOUy5vYmplY3RzViRjbGFzc6INDoACgAOiEBGABIAFgAdccmVsYXRpdmVQYXRoWWFsaWFzRGF0YV8QNy4uLy4uLy4uL0JpYmxpb2dyYXBoeS5sb2NhbGl6ZWQvUGFwZXJzL0dva2hhbGUvMTk5OC5wZGbSFwsYGVdOUy5kYXRhTxEBwgAAAAABwgACAAAMTWFjaW50b3NoIEhEAAAAAAAAAAAAAAAAAAAAxsYlkUgrAAAAQeV3CDE5OTgucGRmAAAAAAAAAAAAAAAAAAAAAAAAAAAAAAAAAAAAAAAAAAAAAAAAAAAAAAAAAAAAAAAAAAAAAAAAAABB4/THHjjpAAAAAAAAAAAAAwAEAAAJIAAAAAAAAAAAAAAAAAAAAAdHb2toYWxlAAAQAAgAAMbFpwEAAAARAAgAAMcdulkAAAABABgAQeV3AEHlIwAOIOQADiDeAAwUhwAAhg4AAgBWTWFjaW50b3NoIEhEOlVzZXJzOm9rYW11OldvcmsubG9jYWxpemVkOkJpYmxpb2dyYXBoeS5sb2NhbGl6ZWQ6UGFwZXJzOkdva2hhbGU6MTk5OC5wZGYADgASAAgAMQA5ADkAOAAuAHAAZABmAA8AGgAMAE0AYQBjAGkAbgB0AG8AcwBoACAASABEABIASVVzZXJzL29rYW11L1dvcmsubG9jYWxpemVkL0JpYmxpb2dyYXBoeS5sb2NhbGl6ZWQvUGFwZXJzL0dva2hhbGUvMTk5OC5wZGYAABMAAS8AABUAAgAM//8AAIAG0hscHR5aJGNsYXNzbmFtZVgkY2xhc3Nlc11OU011dGFibGVEYXRhox0fIFZOU0RhdGFYTlNPYmplY3TSGxwiI1xOU0RpY3Rpb25hcnmiIiBfEA9OU0tleWVkQXJjaGl2ZXLRJidUcm9vdIABAAgAEQAaACMALQAyADcAQABGAE0AVQBgAGcAagBsAG4AcQBzAHUAdwCEAI4AyADNANUCmwKdAqICrQK2AsQCyALPAtgC3QLqAu0C/wMCAwcAAAAAAAACAQAAAAAAAAAoAAAAAAAAAAAAAAAAAAADCQ==}}

@article{LaprieJC:IEEETSE:1991,
	Author = {J. C. Laprie and K. Kanoun and C. B\'eounes and M. Ka\^aniche},
	Date-Added = {2010-05-11 17:29:29 +0900},
	Date-Modified = {2010-05-11 17:29:29 +0900},
	Journal = {IEEE Transactions on Software Engineering},
	Keywords = {SRM},
	Number = {4},
	Pages = {370--382},
	Title = {The {KAT} ({K}nowledge-{A}ction-{T}ransformation) approch to the modeling and evaluation of reliability and availability growth},
	Volume = {17},
	Year = {1991}}

@article{AbdelGhalyAA:IEEETSE:1986,
	Author = {A. A. Abdel-Ghaly and P. Y. Chan and B. Littlewood},
	Date-Added = {2010-05-11 17:28:51 +0900},
	Date-Modified = {2010-05-11 17:28:51 +0900},
	Journal = {IEEE Transactions on Software Engineering},
	Keywords = {SRM},
	Modified = {2006-09-19 23:07:49 -0400},
	Pages = {950--967},
	Title = {Evaluation of Competing Software Reliability Predictions},
	Volume = {SE-12},
	Year = 1986}

@article{YamadaS:TR:1986,
	Author = {S. Yamada and H. Ohtera and H. Narihisa},
	Date-Added = {2010-05-11 17:28:32 +0900},
	Date-Modified = {2010-05-11 17:28:32 +0900},
	Journal = {IEEE Transactions on Reliability},
	Keywords = {SRM},
	Number = {1},
	Pages = {19--23},
	Title = {Software reliability growth with testing-effort},
	Volume = {R-35},
	Year = {1986}}

@article{Yamada:JASMDA:1985,
	Author = {S. Yamada and S. Osaki},
	Date-Added = {2010-05-11 17:28:23 +0900},
	Date-Modified = {2010-05-11 17:28:23 +0900},
	Journal = {Journal of Applied Stochastic Models and Data Analysis},
	Keywords = {SRM},
	Number = {1},
	Pages = {65--77},
	Title = {Discrete software reliability growth models},
	Volume = {1},
	Year = {1985}}

@article{GoelAL:IEEETSE:1985,
	Author = {A. L. Goel},
	Date-Added = {2010-05-11 17:28:01 +0900},
	Date-Modified = {2010-05-11 17:28:01 +0900},
	Journal = {IEEE Transactions on Software Engineering},
	Keywords = {SRM},
	Modified = {2006-09-19 23:08:31 -0400},
	Pages = {1411--1423},
	Title = {Software Reliability Models: Assumptions, Limitations and Applicability},
	Volume = {SE-11},
	Year = 1985}

@article{LangbergN:SISC:1985,
	Author = {N. Langberg and N. D. Singpurwalla},
	Date-Added = {2010-05-11 17:27:46 +0900},
	Date-Modified = {2010-05-11 17:27:46 +0900},
	Journal = {SIAM Journal on Scientific Computing},
	Keywords = {SRM},
	Modified = {2006-09-20 17:05:05 -0400},
	Number = 3,
	Pages = {781--790},
	Title = {Unification of Some Software Reliability Models},
	Volume = 6,
	Year = 1985}

@article{OhbaM:IBM:1984,
	Author = {M. Ohba},
	Date-Added = {2010-05-11 17:27:32 +0900},
	Date-Modified = {2010-05-11 17:27:32 +0900},
	Journal = {IBM J. Research \& Development},
	Keywords = {SRM},
	Modified = {2006-09-19 23:11:51 -0400},
	Pages = {428--443},
	Title = {Software Reliability Analysis},
	Volume = 28,
	Year = 1984}

@article{LittlewoodB:IEEETR:1984,
	Author = {Littlewood, B.},
	Date-Added = {2010-05-11 17:27:23 +0900},
	Date-Modified = {2010-05-11 17:27:23 +0900},
	Journal = {IEEE Transactions on Reliability},
	Keywords = {SRM},
	Modified = {2006-09-20 18:40:03 -0400},
	Number = 2,
	Pages = {157-159},
	Title = {Rationale for a Modified Duane Model},
	Volume = {R-33},
	Year = 1984}

@incollection{JelinskiZ:bk:1972,
	Address = {New York},
	Author = {Jelinski, Z. and Moranda, P. B.},
	Booktitle = {Statistical Computer Performance Evaluation},
	Date-Added = {2010-05-11 17:26:36 +0900},
	Date-Modified = {2010-05-11 17:26:36 +0900},
	Editor = {W. Freiberger},
	Keywords = {SRM},
	Modified = {2006-09-20 00:32:09 -0400},
	Pages = {465--484},
	Publisher = {Academic Press},
	Title = {Software Reliability Research},
	Year = 1972}

@article{YamadaS:IEEETR:1983,
	Author = {S. Yamada and M. Ohba and S. Osaki},
	Date-Added = {2009-04-21 20:23:00 +0900},
	Date-Modified = {2009-04-21 20:23:00 +0900},
	Journal = {IEEE Transactions on Reliability},
	Keywords = {SRM},
	Modified = {2006-09-19 23:07:16 -0400},
	Pages = {475--478},
	Title = {{S}-Shaped Reliability Growth Modeling for Software Error Detection},
	Volume = {R-32},
	Year = 1983}

@inproceedings{OkamuraH:IASTEAD:2004,
	Author = {H. Okamura and T. Dohi and S. Osaki},
	Booktitle = {Proc. 22nd IASTED International Conference on Software Engineering},
	Date-Added = {2009-04-21 20:16:53 +0900},
	Date-Modified = {2009-04-21 20:20:38 +0900},
	Pages = {263--268},
	Publisher = {ACTA Press},
	Title = {{EM} algorithms for logistic software reliability models},
	Year = {2004}}

@incollection{OhbaM:SMRT:1984,
	Address = {Berlin},
	Author = {M. Ohba},
	Booktitle = {Stochastic Models in Reliability Theory},
	Date-Added = {2009-04-21 20:12:19 +0900},
	Date-Modified = {2009-04-21 20:12:19 +0900},
	Editor = {S. Osaki and Y. Hatoyama},
	Keywords = {SRM},
	Modified = {2006-09-19 23:12:03 -0400},
	Pages = {144--165},
	Publisher = {Springer-Verlag},
	Title = {Inflection {S}-Shaped Software Reliability Growth Model},
	Year = 1984}

@book{MusaJD:book:1999,
	Address = {New York},
	Author = {J. D. Musa},
	Date-Added = {2009-04-21 19:58:33 +0900},
	Date-Modified = {2009-04-21 19:58:33 +0900},
	Modified = {2006-09-19 23:11:30 -0400},
	Publisher = {McGraw-Hill},
	Title = {Software Reliability Engineering},
	Year = 1999}

@book{LyuMR:book:1996,
	Address = {New York},
	Date-Added = {2009-04-21 19:58:10 +0900},
	Date-Modified = {2009-04-21 19:58:10 +0900},
	Editor = {M. R. Lyu},
	Modified = {2006-09-19 23:11:08 -0400},
	Publisher = {McGraw-Hill},
	Title = {Handbook of Software Reliability Engineering},
	Year = 1996}

@book{PhamH:book:2000,
	Address = {Singapore},
	Author = {H. Pham},
	Date-Added = {2009-04-21 19:57:53 +0900},
	Date-Modified = {2009-04-21 19:57:53 +0900},
	Modified = {2006-09-19 23:18:14 -0400},
	Publisher = {Springer},
	Title = {Software Reliability},
	Year = 2000}

@article{GoelA:IEEETR:1979,
	Author = {A. L. Goel and K. Okumoto},
	Date-Added = {2009-04-21 19:54:41 +0900},
	Date-Modified = {2009-04-21 19:54:41 +0900},
	Journal = {IEEE Transactions on Reliability},
	Keywords = {SRM},
	Modified = {2006-09-19 23:09:13 -0400},
	Pages = {206--211},
	Title = {Time-Dependent Error-Detection Rate Model for Software Reliability and Other Performance Measures},
	Volume = {R-28},
	Year = 1979}
